<?xml version="1.0" encoding="UTF-8"?><collection xmlns="http://www.loc.gov/MARC21/slim"><record><leader>00461nam--2200157-i-4500</leader><controlfield tag="001">000030885</controlfield><controlfield tag="002">20161230</controlfield><controlfield tag="005">20161230201038</controlfield><controlfield tag="008">060222s1000------------r-----000-0-eng-d</controlfield><datafield ind1="1" ind2=" " tag="100"><subfield code="a">Walker,J.A</subfield></datafield><datafield ind1="1" ind2="0" tag="245"><subfield code="a">Dynamical Systems and Evolution Equations</subfield></datafield><datafield ind1=" " ind2=" " tag="260"><subfield code="a">New York, Plenum Press, 1980</subfield></datafield><datafield ind1=" " ind2=" " tag="490"><subfield code="a">Mathematical Concepts and Methods in Science and Engineering</subfield><subfield code="v">vol.20</subfield></datafield><datafield ind1=" " ind2=" " tag="700"><subfield code="a">Miele, Angelo</subfield></datafield><datafield ind1=" " ind2=" " tag="852"><subfield code="a">49260</subfield><subfield code="c">517.9</subfield></datafield><datafield ind1=" " ind2=" " tag="CAT"><subfield code="a">Sys</subfield><subfield code="c">20090323</subfield><subfield code="h">131520</subfield></datafield></record></collection>